<record><leader>00000cas a22000007a 4500</leader><controlfield tag="001">31007973</controlfield><controlfield tag="008">940825d19921993paucr ne      0    0eng d</controlfield><datafield ind1=" " ind2=" " tag="010"><subfield code="a">sn 94042286 </subfield></datafield><datafield ind1=" " ind2=" " tag="040"><subfield code="a">PIT</subfield><subfield code="b">eng</subfield><subfield code="c">PIT</subfield><subfield code="d">OCL</subfield><subfield code="d">OCLCQ</subfield></datafield><datafield ind1=" " ind2=" " tag="042"><subfield code="a">msc</subfield></datafield><datafield ind1="0" ind2=" " tag="130"><subfield code="a">Allegheny bulletin (1992)</subfield></datafield><datafield ind1="1" ind2="4" tag="245"><subfield code="a">The Allegheny bulletin.</subfield></datafield><datafield ind1=" " ind2=" " tag="260"><subfield code="a">Pittsburgh, Pa. :</subfield><subfield code="b">Pittsburgh Press Co.,</subfield><subfield code="c">1992-1993.</subfield></datafield><datafield ind1=" " ind2=" " tag="300"><subfield code="a">v. :</subfield><subfield code="b">ill. ;</subfield><subfield code="c">55 cm.</subfield></datafield><datafield ind1=" " ind2=" " tag="310"><subfield code="a">Semiweekly</subfield></datafield><datafield ind1="0" ind2=" " tag="362"><subfield code="a">Vol. 1, no. 1 (May 29, 1992)-v. 1, no. 105 (Jan. 16, 1993).</subfield></datafield><datafield ind1=" " ind2=" " tag="500"><subfield code="a">Published during the suspension of the Pittsburgh press.</subfield></datafield><datafield ind1="0" ind2=" " tag="730"><subfield code="a">Pittsburg press.</subfield></datafield><datafield ind1=" " ind2=" " tag="752"><subfield code="a">United States</subfield><subfield code="b">Pennsylvania</subfield><subfield code="c">Allegheny.</subfield></datafield><datafield ind1=" " ind2=" " tag="752"><subfield code="a">United States</subfield><subfield code="b">Pennsylvania</subfield><subfield code="c">Allegheny</subfield><subfield code="d">Pittsburgh.</subfield></datafield><datafield ind1="1" ind2=" " tag="787"><subfield code="a">Pittsburg press</subfield><subfield code="w">(DLC)sn 83045347</subfield><subfield code="w">(OCoLC)2266185</subfield></datafield><datafield ind1="1" ind2=" " tag="029"><subfield code="a">AU@</subfield><subfield code="b">000025896764</subfield></datafield></record>